@book{MBW,
  title = {Galaxy Formation and Evolution},
  author = {Houjun Mo and Frank van den Bosch and Simon White},
  year = {2004}, 
  publisher = {Cambridge}
}

@article{LaC,
  title={Merger rates in hierarchical models of galaxy formation},
  author={Cedric Lacey and Shaun Cole},
  year={1993},
  journal={Monthly Notices of the Royal Astronomical Society},
  volume={262},
  issue={3},
  pages={627-649},
  DOI={10.1093/mnras/262.3.627}}

@article{Zentner,
  title={The Excursion Set Theory of Halo Mass Functions, Halo Clustering, and Halo Growth},
  author={Andrew R. Zentner},
  year={2006},
  month={December},
  day={14},
  journal={International Journal of Modern Physics D},
  volume={16},
  DOI={10.1142/S0218271807010511}}
  
@article{Maggiore,
  title={The Halo Mass Function from Excursion Set Theory. I. Gaussian Fluctuations with Non-Markovian Dependence on the Smoothing Scale},
  author={Michele Maggiore and Antonio Riotto},
  year={2010},
  journal={The Astrophysical Journal},
  volume={711},
  issue={2},
  pages={907-927},
  DOI={10.1088/0004-637X/711/2/907}}
  
  
@article{Bond,
  title={Excursion Set Mass Functions for Hierarchical Gaussian Fluctuations},
  author={J. R. Bond and S. Cole and G. Efstathiou and N. Kaiser},
  year={1991},
  journal={The Astrophysical Journal},
  volume={379},
  pages={440},
  DOI={10.1086/170520}}


@article{PS,
  title={Formation of Galaxies and Clusters of Galaxies by Self-Similar Gravitational Condensation},
  author={William H.Press and Paul Schechter},
  year={1974},
  journal={The Astrophysical Journal},
  volume={187},
  pages={425-438},
  DOI={10.1086/152650}}
  

@article{DeBoni,
  title={The Mass Accretion Rate of Galaxy Clusters: A Measurable Quantity},
  author={C. De Boni and A. L. Serra and A. Diaferio and C. Giocoli and M. Baldi},
  year={2016},
  month={February},
  journal={The Astrophysical Journal},
  volume={818},
  issue={2},
  pages={188},
  DOI={10.3847/0004-637X/818/2/188}}
 
@article{Chandrasekhar,
  title={Stochastic Problems in Physics and Astronomy},
  author={S. Chandrasekhar},
  year={1943},
  journal={Rev. Mod. Phys.},
  issue={1},
  volume={15},
  DOI={https://doi.org/10.1103/RevModPhys.15.1}}
 

%%%%%%%%%%%%%%%%%%%%%%%%%%%%%%%%%%%%%%%%%%%%%%%%%%%%%%%%%%%%%%%%%%
% Articles Corasaniti, Maggiore-Riotto
%%%%%%%%%%%%%%%%%%%%%%%%%%%%%%%%%%%%%%%%%%%%%%%%%%%%%%%%%%%%%%%%%%



@article{HSW,
  title={Universal Density Profile of Voids},
  author={Nico Hamaus and P.M. Sutter and Benjamin D. Wandelt},
  year={2014},
  month={June},
  day={27},
  journal={Physics Review Letter},
  volume={112},
  DOI={https://doi.org/10.1103/PhysRevLett.112.251302}
  }

@Unpublished{EMassara,
  title={Voids in massive neutrino cosmologies},
  author={Elena Massara and Francisco Villaescusa-Navarro and Matteo Viel and P. M. Sutter},
  year={2015},
  archivePrefix = {arXiv},
  eprint = {1506.03088},
  primaryClass = {astro-ph},
}



@online{CMASS_LOWZ,
  author = {SDSS-III collaboration},
  title = {BOSS Galaxy Target Selection},
  url = {http://www.sdss3.org/dr9/algorithms/boss_galaxy_ts.php},
  urldate = {2019-04-12}
}


@Unpublished{VIDE,
  title={VIDE: The Void IDentification and Examination Toolkit},
  author={P. M. Sutter and Guilhem Lavaux and Nico Hamaus and Alice Pisani and Benjamin D. Wandelt and Mike Warrenf Francisco Villaescusa-Navarro and Paul Zivicki and Qingqing Mao and Benjamin B. Thompsonk},
  year={2014},
  month={October},
  day={17},
  archivePrefix = {arXiv},
  eprint = {1406.1191},
  primaryClass = {astro-ph}
  }


@inproceedings{lesk:1977,
  title={Computer Typesetting of Technical Journals on {UNIX}},
  author={Michael Lesk and Brian Kernighan},
  booktitle={Proceedings of American Federation of
             Information Processing Societies: 1977
             National Computer Conference},
  pages={879--888},
  year={1977},
  address={Dallas, Texas}
}